@article{assembly1948universal,
  title={Universal declaration of human rights},
  author={Assembly, UN General},
  journal={UN General Assembly},
  volume={302},
  number={2},
  year={1948},
  publisher={New York, NY, USA:}
}

@dissertation{atmaca2020,
    author = {Atmaca, Furkan},
    title = {{Suspended affixation in Turkish}},
    school = {Bo\u{g}azi\c{c}i \"{U}niversitesi},
    year = {2020}
}

@misc{kabak2007turkish,
  title={Turkish suspended affixation},
  author={Kabak, Bari{\c{s}}},
  year={2007},
  publisher={Walter de Gruyter}
}

@article{erschler2012suspended,
  title={Suspended affixation in Ossetic and the structure of the syntax-morphology interface},
  author={Erschler, David},
  journal={Acta Linguistica Hungarica (Since 2017 Acta Linguistica Academica)},
  volume={59},
  number={1-2},
  pages={153--175},
  year={2012},
  publisher={Akad{\'e}miai Kiad{\'o}}
}

@misc{erschler2009possession,
  title={Possession marking in Ossetic: Arguing for Caucasian influences},
  author={Erschler, David},
  year={2009},
  publisher={Walter de Gruyter GmbH \& Co. KG}
}

@misc{geoffrey1967turkish,
  title={Turkish grammar},
  author={Lewis, Geoffrey},
  year={1967},
  publisher={Oxford: Oxford University Press}
}

@article{kornfilt2012revisiting,
  title={Revisiting “Suspended Affixation” and Other Coordinate Mysteries”},
  author={Kornfilt, Jaklin},
  journal={Functional heads: The cartography of syntactic structures},
  volume={7},
  year={2012},
  publisher={OUP USA}
}

@inproceedings{broadwell2008turkish,
  title={Turkish suspended affixation is lexical sharing},
  author={Broadwell, George Aaron},
  booktitle={Proceedings of the LFG08 Conference},
  volume={198},
  year={2008}
}

@inproceedings{orgun1995flat,
  title={Flat vs. branching morphological structures: the case of suspended affixation},
  author={Orgun, Cemil Orhan},
  booktitle={Annual Meeting of the Berkeley Linguistics Society},
  volume={21},
  number={1},
  pages={252--261},
  year={1995}
}

@article{erschler2018suspended,
  title={Suspended Affixation as Morpheme Ellipsis: Evidence from Ossetic Alternative Questions},
  author={Erschler, David},
  journal={Glossa},
  volume={3},
  number={1},
  year={2018}
}

@article{yoon2017lexical,
  title={Lexical integrity and suspended affixation in two types of denominal predicates in Korean},
  author={Yoon, James},
  journal={Glossa: a journal of general linguistics},
  volume={2},
  number={1},
  year={2017},
  publisher={Ubiquity Press}
}

@article{despic2017suspended,
  title={Suspended morphology in Serbian: clitics vs. affixes},
  author={Despi{\'c}, Miloje},
  journal={Glossa: a journal of general linguistics},
  volume={2},
  number={1},
  year={2017},
  publisher={Ubiquity Press}
}

@article{halle1993distributed,
  title={Distributed morphology and the pieces of inflection},
  author={Halle, Morris and Marantz, Alec},
  year={1993},
  publisher={Citeseer}
}

@article{halle1994some,
  title={{Some key features of Distributed Morphology}},
  author={Halle, Morris and Marantz, Alec},
  journal={MIT working papers in linguistics},
  volume={21},
  number={275},
  pages={88},
  year={1994}
}

@article{good2005morphosyntax,
  title={Morphosyntax of two Turkish subject pronominal paradigms},
  author={Good, Jeff and Yu, Alan CL},
  journal={Clitic and affix combinations: Theoretical perspectives},
  volume={74},
  pages={315--374},
  year={2005},
  publisher={John Benjamins Publishing}
}

@article{kornfilt1996some,
  title={On some copular clitics in Turkish},
  author={Kornfilt, Jaklin},
  journal={ZAS papers in linguistics},
  volume={6},
  pages={96--114},
  year={1996},
  publisher={ZAS Berlin}
}

@article{ackema2003context,
  title={Context-sensitive spell-out},
  author={Ackema, Pete and Neeleman, Ad},
  journal={Natural Language \& Linguistic Theory},
  volume={21},
  number={4},
  pages={681--735},
  year={2003},
  publisher={Springer}
}

@article{ackema2007morphology,
  title={Morphology$\ne$ syntax},
  author={Ackema, Peter and Neeleman, Ad},
  journal={Ramchand, G. \& Reiss, C},
  pages={325--352},
  year={2007},
  publisher={Citeseer}
}

@book{bobaljik2012universals,
  title={Universals in comparative morphology: Suppletion, superlatives, and the structure of words},
  author={Bobaljik, Jonathan David},
  volume={50},
  year={2012},
  publisher={MIT Press}
}

@article{bobaljik2015suppletion,
  title={Suppletion: Some theoretical implications},
  author={Bobaljik, Jonathan David},
  journal={Annu. Rev. Linguist.},
  volume={1},
  number={1},
  pages={1--18},
  year={2015},
  publisher={Annual Reviews}
}

@article{booij1985coordination,
  title={Coordination reduction in complex words: A case for prosodic phonology},
  author={Booij, Geert E and others},
  year={1985},
  publisher={Foris: Dordrecht}
}

@article{embick2007linearization,
  title={Linearization and local dislocation: Derivational mechanics and interactions},
  author={Embick, David},
  journal={Linguistic analysis},
  volume={33},
  number={3-4},
  pages={303--336},
  year={2007}
}

@book{embick2015morpheme,
  title={The morpheme: A theoretical introduction},
  author={Embick, David},
  volume={31},
  year={2015},
  publisher={Walter de Gruyter GmbH \& Co KG}
}

@article{embick2001movement,
  title={Movement operations after syntax},
  author={Embick, David and Noyer, Rolf},
  journal={Linguistic inquiry},
  volume={32},
  number={4},
  pages={555--595},
  year={2001},
  publisher={MIT Press}
}

@article{embick2008architecture,
  title={Architecture and blocking},
  author={Embick, David and Marantz, Alec},
  journal={Linguistic inquiry},
  volume={39},
  number={1},
  pages={1--53},
  year={2008},
  publisher={MIT Press}
}

@inproceedings{akkucs2016suspended,
  title={Suspended affixation with derivational suffixes and lexical integrity},
  author={Akku{\c{s}}, Faruk},
  booktitle={Mediterranean Morphology Meetings},
  volume={10},
  pages={1--15},
  year={2016}
}

@inproceedings{hankamer2008ad,
  title={Ad-phrasal affixes and suspended affixation},
  author={Hankamer, Jorge},
  booktitle={Chicago, IL: Paper presented at the LSA Annual Meeting},
  year={2008}
}

@inproceedings{hankamer2008suspended,
  title={Suspended affixation},
  author={Hankamer, Jorge},
  booktitle={14th International Conference on Turkish Linguistics, Antalya},
  year={2008}
}

@article{heath2007bidirectional,
  title={Bidirectional case-marking and linear adjacency},
  author={Heath, Jeffrey},
  journal={Natural Language \& Linguistic Theory},
  volume={25},
  number={1},
  pages={83},
  year={2007},
  publisher={Springer}
}

@book{johannessen1998coordination,
  title={Coordination},
  author={Johannessen, Janne Bondi},
  year={1998},
  publisher={Oxford University Press}
}

@article{johnson2009gapping,
  title={Gapping is not (VP-) ellipsis},
  author={Johnson, Kyle},
  journal={Linguistic Inquiry},
  volume={40},
  number={2},
  pages={289--328},
  year={2009},
  publisher={MIT Press}
}

@article{kenesei2007semiwords,
  title={Semiwords and affixoids: The territory between word and affix},
  author={Kenesei, Istv{\'a}n and others},
  journal={Acta Linguistica Hungarica (Since 2017 Acta Linguistica Academica)},
  volume={54},
  number={3},
  pages={263--293},
  year={2007},
  publisher={Akad{\'e}miai Kiad{\'o}}
}

@article{kharytonava2012word,
  title={Word minimality and suspended affixation},
  author={Kharytonava, Olga},
  journal={Studia uralo-altaica},
  volume={49},
  pages={279--290},
  year={2012}
}

@article{kharytonava2012taming,
  title={Taming affixes in Turkish: with or without residue},
  author={Kharytonava, Volha},
  journal={Studia typologica: Irregularities in morphology},
  pages={167--185},
  year={2012},
  publisher={Akademia Verlag Munich}
}

@article{kim2004korean,
  title={Korean copular constructions: A lexical sharing approach},
  author={Kim, Jong-Bok and Sells, Peter and Wescoat, Michael T},
  journal={Japanese/Korean Linguistics},
  volume={13},
  pages={179--192},
  year={2004}
}

@article{kornfilt2000directionality,
  title={Directionality of identical verb deletion in Turkish coordination},
  author={Kornfilt, Jaklin},
  journal={Jorge Hankamer WebFest},
  year={2000}
}

@article{legate2008morphological,
  title={Morphological and abstract case},
  author={Legate, Julie Anne},
  journal={Linguistic Inquiry},
  volume={39},
  number={1},
  pages={55--101},
  year={2008},
  publisher={MIT Press}
}

@article{lieber2006lexical,
  title={The Lexical Integrity Hypothesis in a new theoretical universe},
  author={Lieber, Rochelle and Scalise, Sergio},
  journal={Lingue e linguaggio},
  number={1},
  pages={7--32},
  year={2006},
  publisher={Societ{\`a} editrice il Mulino}
}

@incollection{booij2009lexical,
  title={Lexical integrity as a formal universal: a constructionist view},
  author={Booij, Geert},
  booktitle={Universals of language today},
  pages={83--100},
  year={2009},
  publisher={Springer}
}

@article{lopez2015parallel,
  title={Parallel computation in word formation},
  author={L{\'o}pez, Luis},
  journal={Linguistic Inquiry},
  volume={46},
  number={4},
  pages={657--701},
  year={2015},
  publisher={MIT Press}
}

@incollection{marantz2007phases,
  title={Phases and words},
  author={Marantz, Alec},
  booktitle={Phases in the theory of grammar},
  pages={191--222},
  year={2007},
  publisher={Dong-In Publishing Co.}
}

@article{mcfadden2004position,
  title={The position of morphological case in the derivation},
  author={McFadden, Thomas},
  journal={PhD diss., University of Pennsylvania},
  year={2004}
}

@article{merchant2015ineffable,
  title={On ineffable predicates: Bilingual Greek--English code-switching under ellipsis},
  author={Merchant, Jason},
  journal={Lingua},
  volume={166},
  pages={199--213},
  year={2015},
  publisher={Elsevier}
}

@article{merchant2016ellipsis,
  title={Ellipsis: A survey of analytical approaches},
  author={Merchant, Jason},
  journal={Ms., University of Chicago, Chicago, IL},
  year={2016}
}

@inproceedings{mukai2003verbless,
  title={On verbless conjunction in Japanese},
  author={Mukai, Emi},
  booktitle={PROCEEDINGS-NELS},
  volume={33},
  pages={205--224},
  year={2003}
}

@phdthesis{newell2008aspects,
  title={Aspects of the morphology and phonology of phases},
  author={Newell, Heather},
  year={2008},
  school={McGill University Montreal, QC}
}

@inproceedings{pounder2006broken,
  title={Broken forms in morphology},
  author={Pounder, Amanda},
  booktitle={Proceedings of the 2006 Annual Conference of the Canadian Linguistics Association. Available at: http://westernlinguistics. ca/Publications/CLA2006/Pounder. pdf},
  year={2006},
  organization={Citeseer}
}

@article{sato2010complex,
  title={Complex phrase structures within morphological words: Evidence from English and Indonesian},
  author={Sato, Yosuke},
  journal={Lingua},
  volume={120},
  number={2},
  pages={379--407},
  year={2010},
  publisher={Elsevier}
}

@book{spencer2012clitics,
  title={Clitics: an introduction},
  author={Spencer, Andrew and Lu{\'\i}s, Ana R},
  year={2012},
  publisher={Cambridge University Press}
}

@article{trommer2008case,
  title={“Case suffixes”, postpositions, and the phonological word in Hungarian},
  author={Trommer, Jochen},
  journal={Linguistics},
  volume={46},
  number={2},
  pages={403--437},
  year={2008},
  publisher={Walter de Gruyter}
}

@article{williams2007dumping,
  title={Dumping lexicalism},
  author={Williams, Edwin},
  journal={The Oxford handbook of linguistic interfaces},
  pages={353--382},
  year={2007},
  publisher={Oxford University Press Oxford}
}

@article{guseva2017postsyntactic,
  title={Postsyntactic Reordering in the {Mari} Nominal Domain-Evidence from Suspended Affixation},
  author={Guseva, Elina and Weisser, Philipp},
  journal={Natural Language and Linguistic Theory},
  year={2017}
}

@misc{wescoat2002,
  title={On Lexical Sharing},
  author={Wescoat, Michael T.},
  year= {2002},
  publisher={Stanford University}
}

@inproceedings{yoon2005conjunction,
  title={Conjunction reduction and its consequences for noun phrase morphosyntax in Korean},
  author={Yoon, James Hye Suk and Lee, Wooseung},
  booktitle={Proceedings of the 24th West Coast Conference on Formal Linguistics},
  pages={379--387},
  year={2005}
}

@article{goksel2001auxiliary,
  title={The auxiliary verb ol at the morphology-syntax interface},
  author={G{\"o}ksel, Asl{\i}},
  journal={The Verb in Turkish. Amsterdam: John Benjamins},
  pages={151--181},
  year={2001}
}

@article{erdal2000clitics,
  title={Clitics in Turkish},
  author={Erdal, Marcel},
  journal={Studies on Turkish and Turkic Languages},
  pages={12--14},
  year={2000}
}

@article{goksel2015phrasal,
  title={Phrasal compounds in Turkish: Distinguishing citations from quotations},
  author={G{\"o}ksel, Asl{\i}},
  journal={STUF-Language Typology and Universals},
  volume={68},
  number={3},
  pages={359--394},
  year={2015},
  publisher={De Gruyter}
}

@inproceedings{kunduraci2016morphology,
  title={Morphology: the base processor},
  author={Kundurac{\i}, Aysun and G{\"o}ksel, Asl{\i}},
  booktitle={Mediterranean Morphology Meetings},
  volume={10},
  pages={88--97},
  year={2016}
}

@article{ozturk2016possessive,
  title={{Possessive constructions in Turkish}},
  author={{\"O}zt{\"u}rk, Balk{\i}z and Taylan, Eser Erguvanl{\i}},
  journal={Lingua},
  volume={182},
  pages={88--108},
  year={2016},
  publisher={Elsevier}
}

@article{smith2000word,
  title={Word remnants and coordination},
  author={Smith, George},
  journal={Deutsche Grammatik in Theorie und Praxis},
  pages={57--68},
  year={2000}
}

@article{cinque2001note,
  title={{A note on mood, modality, tense and aspect affixes in Turkish}},
  author={Cinque, Guglielmo},
  journal={The verb in Turkish},
  volume={44},
  pages={47--59},
  year={2001},
  publisher={Amsterdam: John Benjamins}
}

@phdthesis{goksel1993levels,
  title={Levels of representation and argument structure in Turkish.},
  author={Goksel, Ash},
  year={1993},
  school={SOAS University of London}
}

@incollection{kratzer1996severing,
  title={Severing the external argument from its verb},
  author={Kratzer, Angelika},
  booktitle={Phrase structure and the lexicon},
  pages={109--137},
  year={1996},
  publisher={Springer}
}

@book{pylkkanen2008introducing,
  title={Introducing arguments},
  author={Pylkk{\"a}nen, Liina},
  volume={49},
  year={2008},
  publisher={MIT press}
}

@book{goksel2004turkish,
  title={Turkish: A comprehensive grammar},
  author={G{\"o}ksel, Asl{\i} and Kerslake, Celia},
  year={2004},
  publisher={Routledge}
}

@article{ito1989notes,
  title={Notes on monosyllabism in Turkish},
  author={It{\^o}, Junko and Hankamer, Jorge},
  journal={Phonology at Santa Cruz},
  volume={1},
  pages={61--69},
  year={1989},
  publisher={University of California Santa Cruz}
}

@inproceedings{orgun1992turkish,
  title={Turkish prosodic minimality},
  author={Orgun, Orhan and Inkelas, Sharon},
  booktitle={6th International Conference on Turkish Linguistics, Anadolu University, Eskisehir, Turkey},
  year={1992}
}

@inproceedings{herbeck2016controlling,
  title={Controlling subject pronouns in Romance pro-drop languages},
  author={Herbeck, Peter},
  booktitle={Colloquium talk at the Linguistics Department at the Ben Gurion University, Beer Sheva},
  year={2016}
}

@misc{ozturk2002turkish,
  title={Turkish as a non-pro-drop language. The Verb in Turkish, ed. E. Erguvanli-Taylan},
  author={{\"O}zt{\"u}rk, B},
  year={2002},
  publisher={Amsterdam: John Benjamins Publishing Company}
}

@book{ackema2004beyond,
  title={Beyond morphology: Interface conditions on word formation},
  author={Ackema, Peter and Neeleman, Ad and others},
  volume={6},
  year={2004},
  publisher={Oxford University Press on Demand}
}

@article{bruening2018word,
  title={Word formation is syntactic: Raising in nominalizations},
  author={Bruening, Benjamin T},
  journal={Glossa: a journal of general linguistics},
  volume={3},
  number={1},
  year={2018},
  publisher={Ubiquity Press}
}

@phdthesis{munn1993topics,
  title={Topics in the syntax and semantics of coordinate structures},
  author={Munn, Alan Boag},
  year={1993},
  school={University of Maryland at College Park}
}


@article{bresnan1995lexical,
  title={The lexical integrity principle: Evidence from Bantu},
  author={Bresnan, Joan and Mchombo, Sam A},
  journal={Natural Language \& Linguistic Theory},
  volume={13},
  number={2},
  pages={181--254},
  year={1995},
  publisher={Springer}
}
